% Encoding: UTF-8

@Article{BeerRD,
author = {Beer, R. D.},
journal = {Artificial Intelligence},
number = {2},
pages = {459--509},
title = {A dynamical systems perspective on agent-environment interaction},
volume = {3},
year = {1995a},}

@Article{FunaYNaka,
author = {Funahashi, K. and Nakamura, Y.},
journal = {Neural Networks},
pages = {801--806},
title = {Aproximation of dynamical systems by continuous time recurrent neural networks},
volume = {6},
year = {1996},}

@Article{DiPaolo_1,
author = {Di Paolo},
title = {Homeostatic adaptation to inversion of the visual, field and other sensorimotor disruptions},
year = {2000},}

@Article{DiPaolo_2,
author = {Di Paolo},
title = {Organismically-inspired robotics: homeostatic adaptation and teleology beyond the closed sensorimotor loop},
year = {2003},}

@Article{DiPaolo_3,
author = {Di Paolo},
title = {Evolving robust robots using fast homeostatic oscillators},
year = {2002},}

@Article{MathayomchanBeer,
author = {Mathayomchan and Beer, R. D.},
title = {Centre-crossing recurrent neural networks for the evolution of rhythmic behaviour},
year = {2002},}

@Article{HoinvilleHenaff,
author = {Hoinville and Henaff},
title = {Evolving plastic neural controllers stabilized by homeostatic mechanisms for adaptation to a perturbation},
year = {2004},}

@Article{TurrigianoGG,
author = {Turrigiano, G. G.},
journal = {Trends Neuroscience},
pages = {221--227},
title = {Homeostatic plasticity in neuronal networks: The more things change, the more they stay the same},
volume = {21},
year = {1990},}

@Article{JesperDario,
author = {Jesper Blynel and Dario Floreano},
title = {Levels of Dynamics and Adaptive Behavior in Evolutionary Neural Controllers},
journal = {In B. Hallam, D. Floreano, J. Hallam, G. Hayes, and J.-A. Meyer, editors. Recompilation of papers},
year = {2002},}

@Article{JennaCarr,
author = {Jenna Carr},
title = {An introduction to genetic algorithms},
year = {2014},}

@Article{Hywel,
author = {Hywel Thomas Parker Williams},
title = {Homeostatic Adaptive Networks},
pages = {26--27},
year = {2016},}

@Article{Nolfi,
author = {Nolfi S. and Floreano, D.},
title = {Evolutionary Robotics: The biology, Intelligence, and Technology of Self-Organizing Machines},
journal = {MA: MIT Press/Bradford Books},
year = {2000},}
